<record xmlns="http://www.loc.gov/MARC21/slim">
  <leader>00943cam a2200229 | 4500</leader>
  <controlfield tag="001">87478</controlfield>
  <controlfield tag="008">063076s1910    enk           1     eng l</controlfield>
  <datafield tag="010" ind1=" " ind2=" ">
    <subfield code="a">   11005024</subfield>
  </datafield>
  <datafield tag="035" ind1=" " ind2=" ">
    <subfield code="a">ocm03697883</subfield>
  </datafield>
  <datafield tag="039" ind1="0" ind2=" ">
    <subfield code="a">0138982A</subfield>
    <subfield code="f">RPD</subfield>
  </datafield>
  <datafield tag="040" ind1=" " ind2=" ">
    <subfield code="a">DLC</subfield>
    <subfield code="b">eng</subfield>
  </datafield>
  <datafield tag="049" ind1=" " ind2=" ">
    <subfield code="a">aeu</subfield>
    <subfield code="b">eng</subfield>
  </datafield>
  <datafield tag="050" ind1="0" ind2=" ">
    <subfield code="a">HQ 1106 1909</subfield>
    <subfield code="b">I62</subfield>
  </datafield>
  <datafield tag="090" ind1="0" ind2="0">
    <subfield code="a">HQ 1106 1909 I62</subfield>
    <subfield code="b">NO</subfield>
  </datafield>
  <datafield tag="110" ind1="2" ind2="0">
    <subfield code="a">International Council of Women.</subfield>
  </datafield>
  <datafield tag="245" ind1="0" ind2="0">
    <subfield code="a">Report of transactions of the fourth quinquennial meeting held at Toronto, Canada, June, 1909, </subfield>
    <subfield code="b">with which are incorporated the reports of the national councils and of international standing committees for 1908-1909, </subfield>
    <subfield code="c">ed. by the Countess of Aberdeen, president of the I. C. W.</subfield>
  </datafield>
  <datafield tag="260" ind1="0" ind2=" ">
    <subfield code="a">London, </subfield>
    <subfield code="b">Constable, </subfield>
    <subfield code="c">1910.</subfield>
  </datafield>
  <datafield tag="300" ind1=" " ind2=" ">
    <subfield code="a">xvi, 466 p.  </subfield>
    <subfield code="b">front., plates.  </subfield>
    <subfield code="c">21 cm.</subfield>
  </datafield>
  <datafield tag="596" ind1=" " ind2=" ">
    <subfield code="a">38</subfield>
  </datafield>
  <datafield tag="650" ind1=" " ind2="0">
    <subfield code="a">Women</subfield>
    <subfield code="x">Congresses</subfield>
  </datafield>
  <datafield tag="700" ind1="2" ind2="0">
    <subfield code="a">Aberdeen and Temair, Ishbel Gordon,</subfield>
    <subfield code="c">Marchioness of,</subfield>
    <subfield code="d">1857-1939.</subfield>
  </datafield>
  <datafield tag="926" ind1=" " ind2=" ">
    <subfield code="a">UABARD</subfield>
    <subfield code="b">ON_SHELF</subfield>
    <subfield code="c">HQ 1106 1909 I62</subfield>
    <subfield code="d">BOOK</subfield>
    <subfield code="f">1</subfield>
  </datafield>
</record>
